  @article{Kitaev_2003,
  title={Fault-tolerant quantum computation by anyons}, 
  volume={303}, 
  ISSN={00034916}, 
  DOI={10.1016/S0003-4916(02)00018-0}, 
  number={1}, 
  journal={Annals of Physics}, 
  author={Kitaev, A.Yu.}, 
  year={2003}, 
  month={Jan}, 
  pages={2–30} }

 @article{Shor_1995,
 title={Scheme for reducing decoherence in quantum computer memory},
 volume={52},
 ISSN={1050-2947, 1094-1622},
 DOI={10.1103/PhysRevA.52.R2493},
 number={4},
 journal={Physical Review A},
 author={Shor, Peter W.},
 year={1995},
 month={Oct},
 pages={R2493–R2496} }
